<record><leader>00000cas a22000007a 4500</leader><controlfield tag="001">27645016</controlfield><controlfield tag="008">930301d197519uunjucr ne      0    0eng d</controlfield><datafield ind1=" " ind2=" " tag="010"><subfield code="a">sn 93060900 </subfield></datafield><datafield ind1=" " ind2=" " tag="040"><subfield code="a">NJW</subfield><subfield code="b">eng</subfield><subfield code="c">NJW</subfield><subfield code="d">OCL</subfield><subfield code="d">OCLCQ</subfield></datafield><datafield ind1="0" ind2="4" tag="245"><subfield code="a">The Boonton times-bulletin the Montville Morris star the Mountain Lakes news.</subfield></datafield><datafield ind1=" " ind2=" " tag="260"><subfield code="a">Boonton, N.J. :</subfield><subfield code="b">Riverdale Pub.</subfield></datafield><datafield ind1=" " ind2=" " tag="300"><subfield code="a">v.</subfield></datafield><datafield ind1=" " ind2=" " tag="310"><subfield code="a">Semiweekly</subfield></datafield><datafield ind1="0" ind2=" " tag="362"><subfield code="a">Vol. 104, no. 77 (Aug. 31, 1975)-</subfield></datafield><datafield ind1=" " ind2=" " tag="752"><subfield code="a">United States</subfield><subfield code="b">New Jersey</subfield><subfield code="c">Morris</subfield><subfield code="d">Boonton.</subfield></datafield><datafield ind1="0" ind2="0" tag="780"><subfield code="t">Times-bulletin the Montville Morris star the Mountain Lakes news</subfield><subfield code="w">(DLC)sn 93060899</subfield><subfield code="w">(OCoLC)27606020</subfield></datafield></record>